<record><leader>00000cas a22000007a 4500</leader><controlfield tag="001">23161912</controlfield><controlfield tag="008">910227d18891933couwr ne      0    0eng d</controlfield><datafield ind1=" " ind2=" " tag="010"><subfield code="a">sn 91052233 </subfield></datafield><datafield ind1=" " ind2=" " tag="040"><subfield code="a">CNQ</subfield><subfield code="b">eng</subfield><subfield code="c">CNQ</subfield><subfield code="d">OCLCQ</subfield></datafield><datafield ind1=" " ind2=" " tag="042"><subfield code="a">msc</subfield></datafield><datafield ind1="0" ind2="4" tag="245"><subfield code="a">The Walsenburg world.</subfield></datafield><datafield ind1=" " ind2=" " tag="260"><subfield code="a">Walsenburg, Colo. :</subfield><subfield code="b">G.M. Magill</subfield></datafield><datafield ind1=" " ind2=" " tag="300"><subfield code="a">v.</subfield></datafield><datafield ind1=" " ind2=" " tag="310"><subfield code="a">Weekly,</subfield><subfield code="b">Dec. 10, 1929-&lt;Dec. 1930&gt;</subfield></datafield><datafield ind1=" " ind2=" " tag="321"><subfield code="a">Weekly,</subfield><subfield code="b">1889-July 2, 1903</subfield></datafield><datafield ind1=" " ind2=" " tag="321"><subfield code="a">Semiweekly,</subfield><subfield code="b">July 7, 1903-Aug. 30, 1907</subfield></datafield><datafield ind1=" " ind2=" " tag="321"><subfield code="a">Weekly,</subfield><subfield code="b">Sept. 5, 1907-May 26, 1921</subfield></datafield><datafield ind1=" " ind2=" " tag="321"><subfield code="a">Semiweekly,</subfield><subfield code="b">May 31, 1921-&lt;Mar. 27, 1925&gt;</subfield></datafield><datafield ind1=" " ind2=" " tag="321"><subfield code="a">Weekly,</subfield><subfield code="b">&lt;July 2, 1925&gt;-Apr. 5, 1928</subfield></datafield><datafield ind1=" " ind2=" " tag="321"><subfield code="a">Semiweekly,</subfield><subfield code="b">Apr. 9, 1928-Dec. 3, 1929</subfield></datafield><datafield ind1="1" ind2=" " tag="362"><subfield code="a">Began in 1889; ceased in 1933.</subfield></datafield><datafield ind1=" " ind2=" " tag="500"><subfield code="a">Published columns and supplements in Spanish, &lt;1916&gt;.</subfield></datafield><datafield ind1=" " ind2=" " tag="530"><subfield code="a">Available on microfilm from the Colorado Historical Society.</subfield></datafield><datafield ind1=" " ind2=" " tag="588"><subfield code="a">Description based on: Vol. 1, no. 2 (Mar. 8, 1889).</subfield></datafield><datafield ind1=" " ind2=" " tag="752"><subfield code="a">United States</subfield><subfield code="b">Colorado</subfield><subfield code="c">Huerfano</subfield><subfield code="d">Walsenburg.</subfield></datafield><datafield ind1="0" ind2="5" tag="780"><subfield code="t">Walsenburg yucca</subfield><subfield code="w">(DLC)sn 91052517</subfield></datafield><datafield ind1="0" ind2="7" tag="785"><subfield code="t">Independent (Walsenburg, Colo. : 1924)</subfield><subfield code="w">(DLC)sn 91052234</subfield></datafield><datafield ind1="0" ind2="7" tag="785"><subfield code="t">World-independent</subfield><subfield code="w">(DLC)sn 90051834</subfield></datafield></record>